<?xml version="1.0" encoding="UTF-8"?><collection xmlns="http://www.loc.gov/MARC21/slim"><record><leader>00603nam--2200169-i-4500</leader><controlfield tag="001">000022384</controlfield><controlfield tag="002">20161230</controlfield><controlfield tag="005">20161230201034</controlfield><controlfield tag="008">060222s1000------------r-----000-0-fre-d</controlfield><datafield ind1=" " ind2=" " tag="040"><subfield code="a">fre</subfield></datafield><datafield ind1=" " ind2=" " tag="080"><subfield code="a">539.163.3:539.144</subfield></datafield><datafield ind1="1" ind2=" " tag="100"><subfield code="a">Perez Y Jorba, Jean-paul</subfield></datafield><datafield ind1="1" ind2="0" tag="245"><subfield code="a">Etudes des spins et partites de niveaux excites de noyaux par des methods d'orientation aux basses temperatures, de correlations angulaires et de correlations direction-polarisation</subfield><subfield code="b">These</subfield><subfield code="c">Jean-paul perez y jorba</subfield></datafield><datafield ind1=" " ind2=" " tag="260"><subfield code="a">Paris</subfield><subfield code="b">Universite</subfield><subfield code="c">1957</subfield></datafield><datafield ind1=" " ind2=" " tag="300"><subfield code="a">108P</subfield></datafield><datafield ind1=" " ind2=" " tag="852"><subfield code="a">19114</subfield><subfield code="c">539.14</subfield></datafield><datafield ind1=" " ind2=" " tag="CAT"><subfield code="a">Sys</subfield><subfield code="c">20120323</subfield><subfield code="h">101305</subfield></datafield></record></collection>